
@TechReport{SSIGUIDE,
  author = 	 {M. Jackson and S. Crouch and R. Baxter},
  title = 	 {{Software Evaluation: Criteria-based Assessment}},
  institution =  {Software Sustainability Institute},
  year = 	 {2011},
}

@article{SSIGeneral,
author={S. Crouch and N. C. Hong and S. Hettrick and M. Jackson and A. Pawlik and S. Sufi and L. Carr and D. De Roure and C. Goble and M. Parsons},
journal={Computing in Science Engineering},
title={The Software Sustainability Institute: Changing Research Software Attitudes and Practices},
year={2013},
volume={15},
number={6},
pages={74-80},
keywords={research and development;software engineering;Software Sustainability Institute;research software attitudes;research software practices;Domain engineering;Programming;Scientific computing;Software development;Software engineering;Software reliability;Training;Domain engineering;Programming;Scientific computing;Software development;Software engineering;Software reliability;Training;domain engineering;maintainability;reliability;scientific computing;software engineering},
doi={10.1109/MCSE.2013.133},
ISSN={1521-9615},
month={Nov},}


@book{ISO9126,
    added-at = {2014-07-08T11:07:29.000+0200},
    author = {ISO/IEC},
    biburl = {http://www.bibsonomy.org/bibtex/2a7b775cd08a9182a7b88d5ca68657a4a/andiv},
    interhash = {ef6f58a2241715facdfa7424be170ea3},
    intrahash = {a7b775cd08a9182a7b88d5ca68657a4a},
    keywords = {ISO functional non},
    publisher = {ISO/IEC},
    timestamp = {2014-07-08T11:07:50.000+0200},
    title = {ISO/IEC 9126. Software engineering -- Product quality},
    year = 2001
}

@TechReport{CLARIAHTECHPLAN1,
  author = 	 {Gertjan Filarski},
  title = 	 {{CLARIAH Technical Plan v1}},
  institution =  {CLARIAH},
  year = 	 {2015},
}
